<?xml version='1.0' encoding='UTF-8'?>
<record xmlns="http://www.loc.gov/MARC21/slim">
  <leader>03174cam a2200541 a 4500</leader>
  <controlfield tag="001">198980</controlfield>
  <controlfield tag="003">NjP</controlfield>
  <controlfield tag="005">20170905101708.0</controlfield>
  <controlfield tag="008">831227m19811995ir a     b    000 0 ara d</controlfield>
  <datafield tag="024" ind1="7" ind2=" ">
    <subfield code="a">princeton_aco001644</subfield>
    <subfield code="2">local</subfield>
  </datafield>
  <datafield ind1=" " ind2=" " tag="035">
    <subfield code="a">(OCoLC)ocn175456345</subfield>
  </datafield>
  <datafield ind1=" " ind2=" " tag="035">
    <subfield code="a">(OCoLC)25296384</subfield>
  </datafield>
  <datafield ind1=" " ind2=" " tag="035">
    <subfield code="a">198980</subfield>
  </datafield>
  <datafield ind1=" " ind2=" " tag="040">
    <subfield code="a">NjP</subfield>
    <subfield code="c">PUL</subfield>
    <subfield code="d">PUL</subfield>
  </datafield>
  <datafield ind1=" " ind2=" " tag="035">
    <subfield code="a">(OCoLC)175456345</subfield>
  </datafield>
  <datafield ind1=" " ind2=" " tag="035">
    <subfield code="a">(CStRLIN)NJPG83-B85607</subfield>
  </datafield>
  <datafield ind1=" " ind2=" " tag="035">
    <subfield code="9">ABB3918TS</subfield>
  </datafield>
  <datafield ind1=" " ind2=" " tag="035">
    <subfield code="a">(NjP)198980</subfield>
  </datafield>
  <datafield ind1=" " ind2=" " tag="079">
    <subfield code="a">ocm25296384</subfield>
  </datafield>
  <datafield ind1=" " ind2=" " tag="049">
    <subfield code="a">PULL</subfield>
  </datafield>
  <datafield ind1="1" ind2=" " tag="100">
    <subfield code="6">880-01</subfield>
    <subfield code="a">Ardabīlī, Aḥmad ibn Muḥammad,</subfield>
    <subfield code="d">-1585.</subfield>
    <subfield code="0">http://id.loc.gov/authorities/names/nr90003681</subfield>
  </datafield>
  <datafield ind1="1" ind2="0" tag="245">
    <subfield code="6">880-02</subfield>
    <subfield code="a">Majmaʻ al-fāʼidah wa-al-burhān fī sharḥ Irshād al-adhhān /</subfield>
    <subfield code="c">lil-faqīh Aḥmad al-Ardabīlī ; ṣaḥḥaḥahu wa-nammaqahu wa-ʻallaqa ʻalayhi wa-ashrafa ʻalá ṭabʻihi Mujtabá al-ʻIrāqī wa-ʻAlī Panāh al-Ishtihārdī wa-Ḥusayn al-Yazdī al-Iṣfahānī.</subfield>
  </datafield>
  <datafield ind1=" " ind2=" " tag="260">
    <subfield code="6">880-03</subfield>
    <subfield code="a">Qum :</subfield>
    <subfield code="b">Jamāʻat al-Mudarrisīn fī al-Ḥawzah al-ʻIlmīyah,</subfield>
    <subfield code="c">1402-1416 [1981 or 1982-1995]</subfield>
  </datafield>
  <datafield ind1=" " ind2=" " tag="300">
    <subfield code="a">14 v. :</subfield>
    <subfield code="b">ill. ;</subfield>
    <subfield code="c">25 cm.</subfield>
  </datafield>
  <datafield ind1=" " ind2=" " tag="500">
    <subfield code="a">Introd. dated 1402.</subfield>
  </datafield>
  <datafield ind1=" " ind2=" " tag="500">
    <subfield code="a">Vol. 11, 14 has imprint: [Qum] : Muʼassasat al-Nashr al-Islāmī al-Tābiʻah li-Jamāʻat al-Mudarrisīn bi-Qum al-Musharrafah.</subfield>
  </datafield>
  <datafield ind1=" " ind2=" " tag="500">
    <subfield code="a">"282."</subfield>
  </datafield>
  <datafield ind1=" " ind2=" " tag="500">
    <subfield code="a">Vol. 11, 14: al-Ṭabʻah 1.</subfield>
  </datafield>
  <datafield ind1=" " ind2=" " tag="504">
    <subfield code="a">Includes bibliographical references.</subfield>
  </datafield>
  <datafield ind1="1" ind2="0" tag="600">
    <subfield code="6">880-04</subfield>
    <subfield code="a">Ibn al-Muṭahhar al-Ḥillī, al-Ḥasan ibn Yūsuf,</subfield>
    <subfield code="d">1250-1325.</subfield>
    <subfield code="t">Irshād al-adhhān.</subfield>
  </datafield>
  <datafield ind1=" " ind2="0" tag="650">
    <subfield code="a">Islamic law</subfield>
    <subfield code="x">Interpretation and construction</subfield>
    <subfield code="x">Early works to 1800.</subfield>
    <subfield code="0">http://id.loc.gov/authorities/subjects/sh2008104962</subfield>
  </datafield>
  <datafield ind1="1" ind2=" " tag="700">
    <subfield code="6">880-05</subfield>
    <subfield code="a">ʻIrāqī, Mujtabá.</subfield>
  </datafield>
  <datafield ind1="1" ind2=" " tag="700">
    <subfield code="6">880-06</subfield>
    <subfield code="a">Ishtihārdī, ʻAlī Panāh.</subfield>
  </datafield>
  <datafield ind1="1" ind2=" " tag="700">
    <subfield code="6">880-07</subfield>
    <subfield code="a">Yazdī al-Iṣfahānī, Ḥusayn.</subfield>
  </datafield>
  <datafield ind1="1" ind2="2" tag="700">
    <subfield code="6">880-08</subfield>
    <subfield code="a">Ibn al-Muṭahhar al-Ḥillī, al-Ḥasan ibn Yūsuf,</subfield>
    <subfield code="d">1250-1325.</subfield>
    <subfield code="t">Irshād al-adhhān.</subfield>
    <subfield code="f">1981.</subfield>
    <subfield code="0">http://id.loc.gov/authorities/names/n84166554</subfield>
  </datafield>
  <datafield ind1="0" ind2=" " tag="740">
    <subfield code="6">880-09</subfield>
    <subfield code="a">Irshād al-adhhān.</subfield>
  </datafield>
  <datafield ind1="1" ind2=" " tag="880">
    <subfield code="6">100-01/r</subfield>
    <subfield code="a">اردبيلي، احمد بن محمد،</subfield>
    <subfield code="d">-1585.</subfield>
  </datafield>
  <datafield ind1="1" ind2="0" tag="880">
    <subfield code="6">245-02/r</subfield>
    <subfield code="a">مجمع الفائدة والبرهان في شرح ارشاد الاذهان /</subfield>
    <subfield code="c">للفقيه احمد الاردبيلي ؛ صححه ونمقه وعلق عليه واشرف على طبعه مجتبى العراقي وعلي پناه الاشتهاردي وحسين اليزدي الاصفهاني.</subfield>
  </datafield>
  <datafield ind1=" " ind2=" " tag="880">
    <subfield code="6">260-03/r</subfield>
    <subfield code="a">قم :</subfield>
    <subfield code="b">جماعة المدرسين في الحوزة العلمية،</subfield>
    <subfield code="c">1402-1416 [1981 or 1982-1995]</subfield>
  </datafield>
  <datafield ind1="1" ind2="0" tag="880">
    <subfield code="6">600-04/r</subfield>
    <subfield code="a">ابن المطهر الحلي، الحسن بن يوسف،</subfield>
    <subfield code="d">1250-1325.</subfield>
    <subfield code="t">ارشاد الاذهان.</subfield>
  </datafield>
  <datafield ind1="1" ind2=" " tag="880">
    <subfield code="6">700-05/r</subfield>
    <subfield code="a">عراقي، مجتبى.</subfield>
  </datafield>
  <datafield ind1="1" ind2=" " tag="880">
    <subfield code="6">700-06/r</subfield>
    <subfield code="a">اشتهاردي، علي پناه.</subfield>
  </datafield>
  <datafield ind1="1" ind2=" " tag="880">
    <subfield code="6">700-07/r</subfield>
    <subfield code="a">يزدي الاصفهاني، حسين.</subfield>
  </datafield>
  <datafield ind1="1" ind2="2" tag="880">
    <subfield code="6">700-08/r</subfield>
    <subfield code="a">ابن المطهر الحلي، الحسن بن يوسف،</subfield>
    <subfield code="d">1250-1325.</subfield>
    <subfield code="t">ارشاد الاذهان.</subfield>
    <subfield code="f">1981.</subfield>
  </datafield>
  <datafield ind1="0" ind2=" " tag="880">
    <subfield code="6">740-09/r</subfield>
    <subfield code="a">ارشاد الاذهان.</subfield>
  </datafield>
  <datafield ind1=" " ind2=" " tag="998">
    <subfield code="a">12/08/94</subfield>
    <subfield code="s">9118</subfield>
    <subfield code="n">NjP</subfield>
    <subfield code="w">NJPG83B85607</subfield>
    <subfield code="d">12/27/83</subfield>
    <subfield code="c">JAB</subfield>
    <subfield code="b">AY</subfield>
    <subfield code="i">941208</subfield>
    <subfield code="l">NJPG</subfield>
  </datafield>
  <datafield ind1=" " ind2=" " tag="911">
    <subfield code="a">19941216</subfield>
  </datafield>
  <datafield ind1=" " ind2=" " tag="912">
    <subfield code="a">19990506035154.0</subfield>
  </datafield>
  <datafield ind1=" " ind2=" " tag="994">
    <subfield code="a">C0</subfield>
    <subfield code="b">PUL</subfield>
  </datafield>
  <datafield ind1=" " ind2=" " tag="999">
    <subfield code="a">198980</subfield>
  </datafield>
  <datafield ind1="0" ind2="1" tag="852">
    <subfield code="0">218786</subfield>
    <subfield code="b">nec</subfield>
    <subfield code="t">1</subfield>
    <subfield code="h">KBP370.I263</subfield>
    <subfield code="i">A34 1981</subfield>
  </datafield>
  <datafield ind1=" " ind2="0" tag="866">
    <subfield code="0">218786</subfield>
    <subfield code="8">0</subfield>
    <subfield code="a">juzʾ 1-juzʾ 14</subfield>
  </datafield>
  <datafield ind1=" " ind2="0" tag="866">
    <subfield code="0">218786</subfield>
    <subfield code="8">0</subfield>
    <subfield code="x">DESIGNATOR: juzʾ</subfield>
  </datafield>
  <datafield ind1=" " ind2=" " tag="959">
    <subfield code="a">2000-06-13 00:00:00 -0500</subfield>
  </datafield>
</record>
